#5 Literature Review.
@article{abiodun2018state,
  title={State-of-the-art in artificial neural network applications: A survey},
  author={Abiodun, Oludare Isaac and Jantan, Aman and Omolara, Abiodun Esther and Dada, Kemi Victoria and Mohamed, Nachaat AbdElatif and Arshad, Humaira},
  journal={Heliyon},
  volume={4},
  number={11},
  year={2018},
  publisher={Elsevier}
}

@book{abdi1999neural,
  title={Neural networks},
  author={Abdi, Herv{\'e} and Valentin, Dominique and Edelman, Betty},
  number={124},
  year={1999},
  publisher={Sage}
}
