@article{problematicKey,
  author    = {John Doe and Jane Smith},
  title     = {A Problematic Reference},
  journal   = {Some Journal},
  year      = {2023},
  volume    = {12},
  number    = {3},
  pages     = {45--67},
  doi       = {10.1000/some.doi},
}

@book{smith2020,
  author    = {Smith, J.},
  title     = {Title of the Book},
  publisher = {Publisher},
  year      = {2020}
}

@article{doe2021,
  author  = {Doe, J. and Evans, O.},
  title   = {Title of the Article},
  journal = {Journal Name},
  volume  = {X},
  number  = {Y},
  pages   = {Z-Z},
  year    = {2021}
}

@article{example2024,
  author    = {First Author and Second Author},
  title     = {An Example Article},
  journal   = {Journal of Examples},
  year      = {2024},
  volume    = {42},
  pages     = {123--145},
  doi       = {10.1234/example.doi},
}

@article{einstein,
    author =       "Albert Einstein",
    title =        "{Zur Elektrodynamik bewegter K{\"o}rper}. ({German})
        [{On} the electrodynamics of moving bodies]",
    journal =      "Annalen der Physik",
    year      = {2023},
    volume =       "322",
    number =       "10",
    pages =        "891--921",
    year =         "1905",
    DOI =          "http://dx.doi.org/10.1002/andp.19053221004"
}
